<?xml version="1.0" encoding="UTF-8"?><record xmlns="http://www.loc.gov/MARC21/slim" xmlns:cinclude="http://apache.org/cocoon/include/1.0" xmlns:zs="http://www.loc.gov/zing/srw/">
  <leader>00745cz  a2200181n  4500</leader>
  <controlfield tag="001">n  79134871 </controlfield>
  <controlfield tag="003">DLC</controlfield>
  <controlfield tag="005">20100606074636.0</controlfield>
  <controlfield tag="008">800626n| acannaab|          |a aaa      </controlfield>
  <datafield tag="010" ind1=" " ind2=" ">
    <subfield code="a">n  79134871 </subfield>
  </datafield>
  <datafield tag="035" ind1=" " ind2=" ">
    <subfield code="a">(Uk)000444486</subfield>
  </datafield>
  <datafield tag="040" ind1=" " ind2=" ">
    <subfield code="a">DLC</subfield>
    <subfield code="c">DLC</subfield>
    <subfield code="d">ICU</subfield>
    <subfield code="d">NjP</subfield>
    <subfield code="d">Uk</subfield>
  </datafield>
  <datafield tag="100" ind1="1" ind2=" ">
    <subfield code="a">Saussure, Horace Bénédict de,</subfield>
    <subfield code="d">1740-1799</subfield>
  </datafield>
  <datafield tag="400" ind1="1" ind2=" ">
    <subfield code="a">De Saussure, Horace Bénédict,</subfield>
    <subfield code="d">1740-1799</subfield>
  </datafield>
  <datafield tag="400" ind1="1" ind2=" ">
    <subfield code="a">Desaussure, Horace Bénédict,</subfield>
    <subfield code="d">1740-1799</subfield>
  </datafield>
  <datafield tag="670" ind1=" " ind2=" ">
    <subfield code="a">His Versuch übe die ... 1792.</subfield>
  </datafield>
  <datafield tag="670" ind1=" " ind2=" ">
    <subfield code="a">Senebier, J. Mémoire historique sur la vie et les écrits de Horace Bénédict Desaussure, 1800 or 1801.</subfield>
  </datafield>
  <datafield tag="670" ind1=" " ind2=" ">
    <subfield code="a">Le capteur solaire de Horace-Bénédict de Saussure, 1993:</subfield>
    <subfield code="b">p. 14, etc. (b. in Conches; geologist and physicist; 1740-1799)</subfield>
  </datafield>
</record>